@article{braun2010variational,
  title={Variational inference for large-scale models of discrete choice},
  author={Braun, Michael and McAuliffe, Jon},
  journal={Journal of the American Statistical Association},
  volume={105},
  number={489},
  pages={324--335},
  year={2010},
  publisher={Taylor \& Francis}
}

@inproceedings{he2015delving,
  title={Delving deep into rectifiers: Surpassing human-level performance on imagenet classification},
  author={He, Kaiming and Zhang, Xiangyu and Ren, Shaoqing and Sun, Jian},
  booktitle={Proceedings of the IEEE international conference on computer vision},
  pages={1026--1034},
  year={2015}
}

@book{latouche1999introduction,
  title={Introduction to matrix analytic methods in stochastic modeling},
  author={Latouche, Guy and Ramaswami, Vaidyanathan},
  year={1999},
  publisher={SIAM}
}